<record><leader>00000cas a22000007a 4500</leader><controlfield tag="001">21380507</controlfield><controlfield tag="008">900416d19121913ohudn ne      0    0eng d</controlfield><datafield ind1=" " ind2=" " tag="010"><subfield code="a">sn 90068064 </subfield></datafield><datafield ind1=" " ind2=" " tag="040"><subfield code="a">ONP</subfield><subfield code="b">eng</subfield><subfield code="c">ONP</subfield><subfield code="d">OCLCQ</subfield></datafield><datafield ind1=" " ind2=" " tag="042"><subfield code="a">msc</subfield></datafield><datafield ind1="0" ind2=" " tag="130"><subfield code="a">Mansfield shield (Mansfield, Ohio : 1912)</subfield></datafield><datafield ind1="1" ind2="4" tag="245"><subfield code="a">The Mansfield shield.</subfield></datafield><datafield ind1="3" ind2="0" tag="246"><subfield code="a">Daily shield</subfield></datafield><datafield ind1=" " ind2=" " tag="260"><subfield code="a">Mansfield, Ohio :</subfield><subfield code="b">Shield Pub. Co.,</subfield><subfield code="c">1912-1913.</subfield></datafield><datafield ind1=" " ind2=" " tag="300"><subfield code="a">v.</subfield></datafield><datafield ind1=" " ind2=" " tag="310"><subfield code="a">Daily (except Sun.)</subfield></datafield><datafield ind1="0" ind2=" " tag="362"><subfield code="a">25th year, no. 165 (Dec. 26, 1912)-26th year, no. 4 (June 23, 1913).</subfield></datafield><datafield ind1=" " ind2=" " tag="500"><subfield code="a">Published as: The Daily shield, Feb. 14-Mar. 4, 1913.</subfield></datafield><datafield ind1=" " ind2=" " tag="752"><subfield code="a">United States</subfield><subfield code="b">Ohio</subfield><subfield code="c">Richland</subfield><subfield code="d">Mansfield.</subfield></datafield><datafield ind1="0" ind2="0" tag="780"><subfield code="t">Mansfield daily shield</subfield><subfield code="w">(DLC)sn 88078526</subfield></datafield><datafield ind1="0" ind2="0" tag="785"><subfield code="t">Mansfield shield and banner</subfield><subfield code="w">(DLC)sn 88078525</subfield></datafield></record>